[gd_scene load_steps=17 format=2]

[ext_resource path="res://Asset/Kaboom/kaboom rico0010.png" type="Texture" id=1]
[ext_resource path="res://Asset/Kaboom/kaboom rico0002.png" type="Texture" id=2]
[ext_resource path="res://Asset/Kaboom/kaboom rico0008.png" type="Texture" id=3]
[ext_resource path="res://Asset/Kaboom/kaboom rico0001.png" type="Texture" id=4]
[ext_resource path="res://Asset/Kaboom/kaboom rico0004.png" type="Texture" id=5]
[ext_resource path="res://Asset/Kaboom/kaboom rico0011.png" type="Texture" id=6]
[ext_resource path="res://Asset/Kaboom/kaboom rico0012.png" type="Texture" id=7]
[ext_resource path="res://Asset/Kaboom/kaboom rico0005.png" type="Texture" id=8]
[ext_resource path="res://Asset/Kaboom/kaboom rico0006.png" type="Texture" id=9]
[ext_resource path="res://Asset/Kaboom/kaboom rico0000.png" type="Texture" id=10]
[ext_resource path="res://Asset/Kaboom/kaboom rico0003.png" type="Texture" id=11]
[ext_resource path="res://Asset/Kaboom/kaboom rico0007.png" type="Texture" id=12]
[ext_resource path="res://Asset/Kaboom/kaboom rico0013.png" type="Texture" id=13]
[ext_resource path="res://Asset/Kaboom/kaboom rico0009.png" type="Texture" id=14]
[ext_resource path="res://Kaboom.gd" type="Script" id=15]

[sub_resource type="SpriteFrames" id=1]
animations = [ {
"frames": [ ExtResource( 10 ), ExtResource( 4 ), ExtResource( 2 ), ExtResource( 11 ), ExtResource( 5 ), ExtResource( 8 ), ExtResource( 9 ), ExtResource( 12 ), ExtResource( 3 ), ExtResource( 14 ), ExtResource( 1 ), ExtResource( 6 ), ExtResource( 7 ), ExtResource( 13 ) ],
"loop": false,
"name": "default",
"speed": 20.0
} ]

[node name="Kaboom" type="AnimatedSprite"]
frames = SubResource( 1 )
script = ExtResource( 15 )

[connection signal="animation_finished" from="." to="." method="_on_Kaboom_animation_finished"]
