[gd_scene load_steps=33 format=2]

[ext_resource path="res://Module.tscn" type="PackedScene" id=1]
[ext_resource path="res://Asteroid/AsteroidGenerator.gd" type="Script" id=2]
[ext_resource path="res://Asset/Background/02-Background01.png" type="Texture" id=3]
[ext_resource path="res://Asset/Background/05-Layer02.png" type="Texture" id=4]
[ext_resource path="res://Ore/OresLayer.tscn" type="PackedScene" id=5]
[ext_resource path="res://Asset/Background/02-Layer01.png" type="Texture" id=6]
[ext_resource path="res://Station.tscn" type="PackedScene" id=7]
[ext_resource path="res://Boss/Boss.tscn" type="PackedScene" id=8]
[ext_resource path="res://Asset/Portrait/Chat06.png" type="Texture" id=9]
[ext_resource path="res://Asset/Portrait/Chat01.png" type="Texture" id=10]
[ext_resource path="res://Asset/Portrait/Chat08.png" type="Texture" id=11]
[ext_resource path="res://Asset/HUD/DialogueBox.png" type="Texture" id=12]
[ext_resource path="res://Asset/Portrait/Chat02.png" type="Texture" id=13]
[ext_resource path="res://Asset/Portrait/Chat07.png" type="Texture" id=14]
[ext_resource path="res://Asset/Portrait/Chat03.png" type="Texture" id=15]
[ext_resource path="res://Asset/Portrait/Idle04.png" type="Texture" id=16]
[ext_resource path="res://Asset/Portrait/Chat05.png" type="Texture" id=17]
[ext_resource path="res://Asset/HUD/DialogueIndicator.png" type="Texture" id=18]
[ext_resource path="res://Asset/Portrait/Idle03.png" type="Texture" id=19]
[ext_resource path="res://Asset/Portrait/Chat09.png" type="Texture" id=20]
[ext_resource path="res://Asset/Portrait/Chat04.png" type="Texture" id=21]
[ext_resource path="res://Asset/Portrait/Idle01.png" type="Texture" id=22]
[ext_resource path="res://Asset/Portrait/Idle02.png" type="Texture" id=23]
[ext_resource path="res://Scenario5.gd" type="Script" id=24]
[ext_resource path="res://Music/SFX/DialogueBox.wav" type="AudioStream" id=25]
[ext_resource path="res://Sector5.gd" type="Script" id=26]
[ext_resource path="res://Music/BGM/Boss.mp3" type="AudioStream" id=27]
[ext_resource path="res://Fragment/FragmentGenerator.gd" type="Script" id=28]
[ext_resource path="res://AlienSpawner.tscn" type="PackedScene" id=29]

[sub_resource type="Animation" id=1]
resource_name = "Idle"
loop = true
tracks/0/type = "value"
tracks/0/path = NodePath(".:position")
tracks/0/interp = 1
tracks/0/loop_wrap = true
tracks/0/imported = false
tracks/0/enabled = true
tracks/0/keys = {
"times": PoolRealArray( 0, 1 ),
"transitions": PoolRealArray( 1, 1 ),
"update": 0,
"values": [ Vector2( 366, 60 ), Vector2( 366, 66 ) ]
}

[sub_resource type="Animation" id=2]
length = 0.001
tracks/0/type = "value"
tracks/0/path = NodePath(".:position")
tracks/0/interp = 1
tracks/0/loop_wrap = true
tracks/0/imported = false
tracks/0/enabled = true
tracks/0/keys = {
"times": PoolRealArray( 0 ),
"transitions": PoolRealArray( 1 ),
"update": 0,
"values": [ Vector2( 366, 60 ) ]
}

[sub_resource type="SpriteFrames" id=3]
animations = [ {
"frames": [ ExtResource( 10 ), ExtResource( 13 ), ExtResource( 15 ), ExtResource( 21 ), ExtResource( 17 ), ExtResource( 9 ), ExtResource( 14 ), ExtResource( 11 ), ExtResource( 20 ) ],
"loop": true,
"name": "Chat",
"speed": 5.0
}, {
"frames": [ ExtResource( 22 ), ExtResource( 23 ), ExtResource( 19 ), ExtResource( 16 ) ],
"loop": true,
"name": "Idle",
"speed": 1.0
} ]

[node name="Sector5" type="Node2D"]
script = ExtResource( 26 )

[node name="Module" parent="." instance=ExtResource( 1 )]
position = Vector2( 240, 135 )

[node name="OresLayer" parent="." instance=ExtResource( 5 )]

[node name="FragmentGenerator" type="Node2D" parent="."]
script = ExtResource( 28 )
minFragment = 5
maxFragment = 10
sector = 5

[node name="AsteroidGenerator" type="Node2D" parent="."]
script = ExtResource( 2 )
minAsteroid = 15
maxAsteroid = 30
sector = 5

[node name="Background" type="ParallaxBackground" parent="."]

[node name="Fond" type="ParallaxLayer" parent="Background"]
motion_scale = Vector2( 0.1, 0.1 )
motion_mirroring = Vector2( 512, 512 )

[node name="Sprite" type="Sprite" parent="Background/Fond"]
position = Vector2( 240, 135 )
texture = ExtResource( 3 )

[node name="Layer01" type="ParallaxLayer" parent="Background"]
motion_scale = Vector2( 0.15, 0.15 )
motion_mirroring = Vector2( 512, 512 )

[node name="Sprite" type="Sprite" parent="Background/Layer01"]
position = Vector2( 240, 135 )
texture = ExtResource( 6 )

[node name="ParallaxLayer" type="ParallaxLayer" parent="Background"]
motion_scale = Vector2( 0.2, 0.2 )

[node name="Sprite" type="Sprite" parent="Background/ParallaxLayer"]
position = Vector2( 293, 226 )
scale = Vector2( 2, 2 )
texture = ExtResource( 4 )

[node name="Station" parent="." instance=ExtResource( 7 )]

[node name="Boss" parent="." instance=ExtResource( 8 )]
position = Vector2( 0, -2700 )

[node name="AlienSpawner" parent="." instance=ExtResource( 29 )]
position = Vector2( 581, 617 )
speed = 50
timer = 3
delay = 40

[node name="AlienSpawner2" parent="." instance=ExtResource( 29 )]
position = Vector2( -668, 752 )
speed = 50
timer = 4
delay = 41

[node name="AlienSpawner3" parent="." instance=ExtResource( 29 )]
position = Vector2( -802, 585 )
speed = 50
timer = 4
delay = 42

[node name="AlienSpawner4" parent="." instance=ExtResource( 29 )]
position = Vector2( 684, 449 )
speed = 50
timer = 5
delay = 43

[node name="CanvasLayer" type="CanvasLayer" parent="."]

[node name="Scenario5" type="Control" parent="CanvasLayer"]
margin_left = 48.0
margin_top = 176.0
margin_right = 432.0
margin_bottom = 256.0
script = ExtResource( 24 )

[node name="TextureRect" type="TextureRect" parent="CanvasLayer/Scenario5"]
margin_right = 342.0
margin_bottom = 255.0
texture = ExtResource( 12 )

[node name="RichTextLabel" type="RichTextLabel" parent="CanvasLayer/Scenario5"]
margin_left = 88.0
margin_top = 16.0
margin_right = 365.0
margin_bottom = 65.0
bbcode_text = "TRANSMISSION RECEIVED"
text = "TRANSMISSION RECEIVED"

[node name="Tween" type="Tween" parent="CanvasLayer/Scenario5"]

[node name="Ind" type="Sprite" parent="CanvasLayer/Scenario5"]
visible = false
position = Vector2( 366, 60 )
texture = ExtResource( 18 )

[node name="AnimationPlayer" type="AnimationPlayer" parent="CanvasLayer/Scenario5/Ind"]
autoplay = "Idle"
anims/Idle = SubResource( 1 )
anims/RESET = SubResource( 2 )

[node name="Portrait" type="AnimatedSprite" parent="CanvasLayer/Scenario5"]
position = Vector2( 40, 40 )
frames = SubResource( 3 )
animation = "Idle"

[node name="Transmission" type="AudioStreamPlayer2D" parent="CanvasLayer/Scenario5"]
position = Vector2( 192, -48 )
stream = ExtResource( 25 )
volume_db = -6.0

[node name="BossArrival" type="Timer" parent="CanvasLayer"]
wait_time = 38.0
one_shot = true
autostart = true

[node name="AudioStreamPlayer" type="AudioStreamPlayer" parent="."]
stream = ExtResource( 27 )
volume_db = -12.0
autoplay = true

[connection signal="destroyed" from="Boss" to="." method="_on_Boss_destroyed"]
[connection signal="tween_completed" from="CanvasLayer/Scenario5/Tween" to="CanvasLayer/Scenario5" method="_on_Tween_tween_completed"]
[connection signal="timeout" from="CanvasLayer/BossArrival" to="CanvasLayer/Scenario5" method="_on_BossArrival_timeout"]
