[gd_scene load_steps=30 format=2]

[ext_resource path="res://Module.tscn" type="PackedScene" id=1]
[ext_resource path="res://Fragment/FragmentGenerator.gd" type="Script" id=2]
[ext_resource path="res://Asset/Background/01-background01.png" type="Texture" id=3]
[ext_resource path="res://Asset/Background/01-Layer01.png" type="Texture" id=4]
[ext_resource path="res://Ore/OresLayer.tscn" type="PackedScene" id=5]
[ext_resource path="res://Asset/Background/01-Layer02.png" type="Texture" id=6]
[ext_resource path="res://Station.tscn" type="PackedScene" id=7]
[ext_resource path="res://Asset/HUD/DialogueIndicator.png" type="Texture" id=8]
[ext_resource path="res://Asset/HUD/DialogueBox.png" type="Texture" id=9]
[ext_resource path="res://Asset/Portrait/Idle01.png" type="Texture" id=10]
[ext_resource path="res://Asset/Portrait/Idle04.png" type="Texture" id=11]
[ext_resource path="res://Asset/Portrait/Idle02.png" type="Texture" id=12]
[ext_resource path="res://Asset/Portrait/Idle03.png" type="Texture" id=13]
[ext_resource path="res://Asset/Portrait/Chat06.png" type="Texture" id=14]
[ext_resource path="res://Asset/Portrait/Chat08.png" type="Texture" id=15]
[ext_resource path="res://Asset/Portrait/Chat09.png" type="Texture" id=16]
[ext_resource path="res://Asset/Portrait/Chat01.png" type="Texture" id=17]
[ext_resource path="res://Asset/Portrait/Chat04.png" type="Texture" id=18]
[ext_resource path="res://Asset/Portrait/Chat02.png" type="Texture" id=19]
[ext_resource path="res://Asset/Portrait/Chat07.png" type="Texture" id=20]
[ext_resource path="res://Asset/Portrait/Chat05.png" type="Texture" id=21]
[ext_resource path="res://Asset/Portrait/Chat03.png" type="Texture" id=22]
[ext_resource path="res://Tutorial.gd" type="Script" id=23]
[ext_resource path="res://Music/SFX/DialogueBox.wav" type="AudioStream" id=24]
[ext_resource path="res://Sector1.gd" type="Script" id=25]

[sub_resource type="Environment" id=1]
background_mode = 4
ambient_light_sky_contribution = 0.0
auto_exposure_enabled = true
auto_exposure_scale = 0.5
auto_exposure_speed = 4.0
glow_enabled = true
glow_intensity = 2.0
glow_strength = 0.8
glow_blend_mode = 0

[sub_resource type="Animation" id=2]
resource_name = "Idle"
loop = true
tracks/0/type = "value"
tracks/0/path = NodePath(".:position")
tracks/0/interp = 1
tracks/0/loop_wrap = true
tracks/0/imported = false
tracks/0/enabled = true
tracks/0/keys = {
"times": PoolRealArray( 0, 1 ),
"transitions": PoolRealArray( 1, 1 ),
"update": 0,
"values": [ Vector2( 366, 60 ), Vector2( 366, 66 ) ]
}

[sub_resource type="Animation" id=3]
length = 0.001
tracks/0/type = "value"
tracks/0/path = NodePath(".:position")
tracks/0/interp = 1
tracks/0/loop_wrap = true
tracks/0/imported = false
tracks/0/enabled = true
tracks/0/keys = {
"times": PoolRealArray( 0 ),
"transitions": PoolRealArray( 1 ),
"update": 0,
"values": [ Vector2( 366, 60 ) ]
}

[sub_resource type="SpriteFrames" id=4]
animations = [ {
"frames": [ ExtResource( 17 ), ExtResource( 19 ), ExtResource( 22 ), ExtResource( 18 ), ExtResource( 21 ), ExtResource( 14 ), ExtResource( 20 ), ExtResource( 15 ), ExtResource( 16 ) ],
"loop": true,
"name": "Chat",
"speed": 5.0
}, {
"frames": [ ExtResource( 10 ), ExtResource( 12 ), ExtResource( 13 ), ExtResource( 11 ) ],
"loop": true,
"name": "Idle",
"speed": 1.0
} ]

[node name="Sector1" type="Node2D"]
script = ExtResource( 25 )

[node name="Module" parent="." instance=ExtResource( 1 )]
position = Vector2( 240, 135 )

[node name="OresLayer" parent="." instance=ExtResource( 5 )]

[node name="FragmentGenerator" type="Node2D" parent="."]
script = ExtResource( 2 )

[node name="Background" type="ParallaxBackground" parent="."]

[node name="Fond" type="ParallaxLayer" parent="Background"]
motion_scale = Vector2( 0.1, 0.1 )
motion_mirroring = Vector2( 512, 512 )

[node name="Sprite" type="Sprite" parent="Background/Fond"]
position = Vector2( 240, 135 )
texture = ExtResource( 3 )

[node name="WorldEnvironment" type="WorldEnvironment" parent="Background/Fond"]
environment = SubResource( 1 )

[node name="Layer01" type="ParallaxLayer" parent="Background"]
motion_scale = Vector2( 0.1, 0.1 )
motion_mirroring = Vector2( 512, 512 )

[node name="Sprite" type="Sprite" parent="Background/Layer01"]
position = Vector2( 240, 135 )
texture = ExtResource( 4 )

[node name="ParallaxLayer" type="ParallaxLayer" parent="Background"]
motion_scale = Vector2( 0.2, 0.2 )
motion_mirroring = Vector2( 512, 512 )

[node name="Sprite" type="Sprite" parent="Background/ParallaxLayer"]
position = Vector2( 240, 135 )
scale = Vector2( 0.5, 0.5 )
texture = ExtResource( 6 )

[node name="Station" parent="." instance=ExtResource( 7 )]

[node name="CanvasLayer" type="CanvasLayer" parent="."]

[node name="Tutorial" type="Control" parent="CanvasLayer"]
margin_left = 48.0
margin_top = 184.0
margin_right = 48.0
margin_bottom = 184.0
script = ExtResource( 23 )

[node name="TextureRect" type="TextureRect" parent="CanvasLayer/Tutorial"]
margin_right = 342.0
margin_bottom = 255.0
texture = ExtResource( 9 )

[node name="RichTextLabel" type="RichTextLabel" parent="CanvasLayer/Tutorial"]
margin_left = 88.0
margin_top = 16.0
margin_right = 365.0
margin_bottom = 65.0
bbcode_text = "TRANSMISSION RECEIVED"
text = "TRANSMISSION RECEIVED"

[node name="Tween" type="Tween" parent="CanvasLayer/Tutorial"]

[node name="Ind" type="Sprite" parent="CanvasLayer/Tutorial"]
visible = false
position = Vector2( 366, 60 )
texture = ExtResource( 8 )

[node name="AnimationPlayer" type="AnimationPlayer" parent="CanvasLayer/Tutorial/Ind"]
autoplay = "Idle"
anims/Idle = SubResource( 2 )
anims/RESET = SubResource( 3 )

[node name="Portrait" type="AnimatedSprite" parent="CanvasLayer/Tutorial"]
position = Vector2( 40, 40 )
frames = SubResource( 4 )
animation = "Idle"

[node name="Transmission" type="AudioStreamPlayer2D" parent="CanvasLayer/Tutorial"]
position = Vector2( 192, -48 )
stream = ExtResource( 24 )
volume_db = -6.0

[connection signal="finished" from="CanvasLayer/Tutorial" to="." method="_on_Tutorial_finished"]
[connection signal="tween_completed" from="CanvasLayer/Tutorial/Tween" to="CanvasLayer/Tutorial" method="_on_Tween_tween_completed"]
